% Encoding: UTF-8

@Article{Agresti1998,
  author   = {Agresti, A. and Coull, B. A.},
  title    = {Approximate is better than "exact" for interval estimation of binomial proportions},
  year     = {1998},
  journal   = {The American Statistician},
 pages     = {119-126},
  volume    = {52(2)},
  url      = {https://www.theguardian.com/society/2005/jun/24/NHS.uknews1},
}


@book{Agresti2007,
  title={An Introduction to Categorical Data Analysis},
  author={Agresti, A.},
  publisher={John Wiley \& Sons},
edition={2nd},
  year={2007}
}

@book{Bacon1696,
  title={The essays, or councils, civil and moral},
  author={Bacon, Sir F.},
  publisher={H. Herringman, R. Scot, R. Chiswell, A. Swalle, and R. Bentley},
  year={1696}
}


@Article{sallyClarkGuardian,
  author   = {Anonymous},
  title    = {Paediatrician's calculations on cot death 'suspect'},
  year     = {2005},
  month    = {June},
  journal   = {Guardian},
assessed = {29-07-2020},
  day      = {24},
  url      = {https://www.theguardian.com/society/2005/jun/24/NHS.uknews1},
}


@misc{BBC1,
 author = {Anonymous},
 title = {Coffee 'may reverse Alzheimer's'},
year ={2009},
url = {http://news.bbc.co.uk/1/hi/health/8132122.stms},
month={july},
day={5},
Assessed = {22-10-2019},
}

@Misc{BBC1-2018,
  author   = {Anonymous},
  month    = {9},
  title    = {Vapers rise ‘to more than three million’ in Britain},
  year     = {2018},
  assessed = {22-10-2019},
  day      = {14},
  url      = {https://www.bbc.co.uk/ news/health-45513762},
}



@Book{BorowskiBorwein,
  author    = {Borowski, E. J. and Borwein, J. M.},
  publisher = {Collins},
  title     = {Collins Dictionary of Mathematics},
  year      = {1989},
}

@book{dictionary1980oxford,
title={Oxford English Dictionary},
author={Anonymous},
publisher={Oxford},
year={1980}
}

@book{dictionary1989oxford,
  title={Oxford English Dictionary},
  author={Anonymous},
  publisher={Oxford},
  year={1989}
}


@book{Borowski1989,
  title={Collins Dictionary of Mathematics},
  author={Borowski, E.J. and Borwein, J.M.},
  publisher={Harpe rCollins},
  year={1989},
}

@Article{borchers2006accommodating,
  author    = {Borchers, D. L. and Laake, J. L. and Southwell, C. and Paxton, C. G. M.},
  journal   = {Biometrics},
  title     = {Accommodating unmodeled heterogeneity in double-observer distance sampling surveys},
  year      = {2006},
  number    = {2},
  pages     = {372--378},
  volume    = {62},
  publisher = {Wiley Online Library},
}

@Article{Box1976,
  author    = {Box, G. E. P.},
  journal   = {Journal of the American Statistical Association},
  title     = {Science and Statistics},
  year      = {1976},
  number    = {356},
  pages     = {791-799},
  volume    = {71},
  doi       = {10.1080/01621459.1976.10480949},
  eprint    = {https://www.tandfonline.com/doi/pdf/10.1080/01621459.1976.10480949},
  publisher = {Taylor & Francis},
  url       = {https://www.tandfonline.com/doi/abs/10.1080/01621459.1976.10480949},
}

@Article{chintz1998violin,
  author  = {Hintze, J.L. & Nelson, R.D.},
  journal = {The American Statistician},
  title   = {Violin Plots: A Box Plot-Density Trace Synergism},
  year    = {1989},
  number  = {1},
  pages   = {181-184},
  volume  = {52(2)},
url={https://doi.org/10.1080/00031305.1998.10480559},
}

@Book{Crawley2014,
  title={Statistics: An Introduction using R},
  author={Crawley, M.J},
  year={2014},
publisher = {Wiley},
ediition={2nd},
}

@Article{Crenshaw1989,
  author  = {Crenshaw, K. E.},
  journal = {University of Chicago Legal Forum},
  title   = {Deemarginalizing the intersection of race and sex:a black feminist critique of antidiscrimination Doctrine, Feminist Theory and Antiracist Politics},
  year    = {1989},
  number  = {1},
  pages   = {139-167},
  volume  = {1989},
}

@book{Davison1997,
  title={Bootstrap methods and their application},
  author={Davison, A.C. and  Hinckley,D.V.},
   year={1997},
publisher = {Cambridge University Press}
}

@Book{richard2006veaux,
  author    = {De Veaux, R. D. and Velleman, P. F. and Bock, D. E.},
  publisher = {Pearson Addison Wesley},
  title     = {Intro Stats},
  year      = {2006},
}

@book{Doyle1894,
  title={Memoirs of Sherlock Holmes},
  author={Doyle, Sir Arthur Conan},
   year={1894},
publisher = {George Newness}
}

@Article{Eden&Fisher1927,
  author  = {Eden, T. and Fisher, R. A.},
  journal = {Journal of Agricultural Science},
  title   = {Studies in crop variation: {IV}. {T}he experimental determination of the value of top dressings with cereals},
  year    = {1927},
  pages   = {548-562},
  volume  = {17},
}



@Book{Faraway2014,
  title={Liinear Models In R},
  author={Faraway, J.J},
  year={2014},
publisher = {Chapman & Hall},
ediition={2nd},
}




@article{Fingland2011,
  title={Betterto be roughtly right than exactly wrong: the concept of certainty in land use planning},
  author={Fingland, S.},
 journal={Conference paper Annual meeting of the Australian Cities 2011},
  year={2011},
 url = {https://pdfs.semanticscholar.org/c1fc/2414632d52863694c2e5b9ff32d112fa0e1f.pdf},
}


@Book{Fisher1925,
  title={Statistical Methods for Research Workers},
  author={Fisher, R.A},
  year={1925},
publisher = {Oliver & Boyd},
ediition={4th},
}


@article{Fisher1934,
  title={Discussion of Dr Wishart's paper},
  author={Fisher, R.A},
 journal={Supplement to the Journal of the Royal Statistical Society},
  year={1934},
volume = {1},
pages = {51-53},
}

@article{Fisher1938,
  title={Presidential address to the first Indian Statistical Congress},
  author={Fisher, R.},
 journal={Sankhya},
  year={1938},
volume = {4},
pages = {14-17},
}

@Book{Fox2019,
  author    = {Fox, J. and Weisberg, S.},
  publisher = {Thousand Oaks},
  title     = {An R Companion to Applied Regression},
  year      = {2019},
  url       = {https://socialsciences.mcmaster.ca/jfox/Books/Companion/},
}

@Book{Gigerenzer2003,
  author    = {Gigerenzer, G.},
  publisher = {Penguin},
  title     = {Reckoning with Risk},
  year      = {2003},
}

@Article{chintz1998violin,
  author    = {Jerry L. Hintze and Ray D. Nelson},
  journal   = {The American Statistician},
  title     = {Violin Plots: A Box Plot-Density Trace Synergism},
  year      = {1998},
  number    = {2},
  pages     = {181-184},
  volume    = {52},
  doi       = {10.1080/00031305.1998.10480559},
  eprint    = {https://amstat.tandfonline.com/doi/pdf/10.1080/00031305.1998.10480559},
  publisher = {Taylor & Francis},
  url       = {https://amstat.tandfonline.com/doi/abs/10.1080/00031305.1998.10480559},
}



@Book{Larsen&Marx2006,
  author    = {Larsen, R. J. and Marx, M. L.},
  publisher = {Pearson},
  title     = {Introduction to Mathematical Statistics and Its Applications},
  year      = {2006},
}

@Article{Lewallen&Courtright1998,
  author  = {Lewallen, S. and Courtright, P.},
  journal = {Community Eye Health},
  title   = {Epidemiology in practice: case-control studies.},
  year    = {1998},
  pages   = {57-58},
  volume  = {11},
  part    = {28},
}

@Book{Lipshutz2011,
  author    = {Lipshutz, S. and Lipson, M.},
  publisher = {McGraw Hill},
  title     = {Probability},
  year      = {2011},
}

@Book{Moore1992,
  author    = {Moore, D. S.},
  publisher = {WH Freeman},
  title     = {Introduction to the Practice of Statistics},
  year      = {1992},
  edition   = {2nd},
}

@Book{moore1993,
  author    = {Moore, D. S. and McCabe, G. P.},
  publisher = {WH Freeman \& Co. New York},
  title     = {Introduction to the Practice of Statistics},
  year      = {1993},
}

@article{Paxton2016,
  title={Unleashing the kraken: on the maximum size of giant squid (Architeuthis dux)},
  author={Paxton, C.G.M},
  journal={Journal of Zoology},
  volume={300},
  pages={82--88},
url={doi:10.1111/jzo.12347}, 
 year={2016}
}

@article{pearce2003high,
  title={A high price to pay for caviar.},
  author={Pearce, Fred},
  journal={New Scientist},
  volume={179},
  number={2413},
  pages={6--7},
  year={2003}
}


@Book{Siegel&Castellan1988,
  author    = {Siegel, S. and Castellan, N. J.},
  publisher = {MacGraw Hill Int.},
  title     = {Non parametric statistics for the behavioural sciences.},
  year      = {1988},
}


@Book{Snedecor&Cochran1980,
  author    = {Snedecor, G. W. and Cochran, W. G.},
  publisher = {Iowa State University Press},
  title     = {Statistical Methods},
  year      = {1980},
}

@Article{Squire1,
  author   = {Squire, P.},
  journal  = {New Scientist},
  title    = {Why the 1936 poll failed},
  year     = {1988},
  number   = {2413},
  pages    = {125--133},
  volume   = {52},
  assessed = {22-10-2019},
  url      = {https://academic.oup.com/poq/article/52/1/125/1878544},
}

@Article{Tatemetal2004,
  author  = {Tatem, A. J. and Guerra, C. A. and Atkinson, P. M. and Hay, S. I.},
  journal = {Nature},
  title   = {Momentous sprint at the 2156 Olympics?},
  year    = {2004},
  pages   = {525},
  volume  = {431},
  doi     = {doi:10.1038/431525a},
}

@Book{innsof2017court,
  author    = {The Inns of Court College of Advocacy, Royal Statistical Society},
  publisher = {The Inns of Court College of Advocacy and Royal Statistical Society},
  title     = {Statistics and probability for advocates: Understanding the use of statistical evidence in courts and tribunals},
  year      = {2017},
}



@Misc{Varian1,
  author   = {Anonymous},
  title    = {Hal Varian on how the Web challenges managers},
  year     = {2009},
  assessed = {22-10-2019},
  url      = {https://www.mckinsey.com/industries/technology-media-and-telecommunications/our-insights/hal-varian-on-how-the-web-challenges-managers},
}

@Article{wakefield1998retracted,
  author    = {Wakefield, Andrew J. and Murch, Simon H. and Anthony, Andrew and Linnell, John and Casson, David M. and Malik, Mohsin and Berelowitz, Mark and Dhillon, Amar P. and Thomson, Michael A. and Harvey, Peter and others},
  title     = {{RETRACTED}: Ileal-lymphoid-nodular hyperplasia, non-specific colitis, and pervasive developmental disorder in children},
  year      = {1998},
journal = {Lancetl},
volume={351},
pages = {637-641},
  publisher = {Elsevier},
}

@Book{wildgaf,
  author    = {Wild, C. J. and Seber, G. A. F.},
  publisher = {Wiley},
  title     = {Chance encounters: A first course in data analysis and inference},
  year      = {1999},
}

@Book{moore2003,
author = {Moore, D. S. and McCabe, G. P.},
publisher = {WH Freeman \& Co. New York},
title = {Introduction to the Practice of Statistics},
year = {2003},
}

@Comment{jabref-meta: databaseType:bibtex;}