@Manual{R-base,
  title = {R: A Language and Environment for Statistical Computing},
  author = {{R Core Team}},
  organization = {R Foundation for Statistical Computing},
  address = {Vienna, Austria},
  year = {2020},
  url = {https://www.R-project.org/},
}

@Manual{R-bookdown,
  title = {bookdown: Authoring Books and Technical Documents with R Markdown},
  author = {Yihui Xie},
  year = {2021},
  note = {R package version 0.24},
  url = {https://CRAN.R-project.org/package=bookdown},
}

@Manual{R-boot,
  title = {boot: Bootstrap Functions (Originally by Angelo Canty for S)},
  author = {Angelo Canty and Brian Ripley},
  year = {2020},
  note = {R package version 1.3-25},
  url = {https://CRAN.R-project.org/package=boot},
}

@Manual{R-car,
  title = {car: Companion to Applied Regression},
  author = {John Fox and Sanford Weisberg and Brad Price},
  year = {2021},
  note = {R package version 3.0-11},
  url = {https://CRAN.R-project.org/package=car},
}

@Manual{R-datasauRus,
  title = {datasauRus: Datasets from the Datasaurus Dozen},
  author = {Steph Locke and Lucy {D'Agostino McGowan}},
  year = {2018},
  note = {R package version 0.1.4},
  url = {https://CRAN.R-project.org/package=datasauRus},
}

@Manual{R-dplyr,
  title = {dplyr: A Grammar of Data Manipulation},
  author = {Hadley Wickham and Romain François and Lionel Henry and Kirill Müller},
  year = {2021},
  note = {R package version 1.0.7},
  url = {https://CRAN.R-project.org/package=dplyr},
}

@Manual{R-effects,
  title = {effects: Effect Displays for Linear, Generalized Linear, and Other Models},
  author = {John Fox and Sanford Weisberg and Brad Price and Michael Friendly and Jangman Hong},
  year = {2020},
  note = {R package version 4.2-0},
  url = {https://CRAN.R-project.org/package=effects},
}

@Manual{R-epitools,
  title = {epitools: Epidemiology Tools},
  author = {Tomas J. Aragon},
  year = {2020},
  note = {R package version 0.5-10.1},
  url = {https://CRAN.R-project.org/package=epitools},
}

@Manual{R-ggExtra,
  title = {ggExtra: Add Marginal Histograms to ggplot2, and More ggplot2
Enhancements},
  author = {Dean Attali and Christopher Baker},
  year = {2019},
  note = {R package version 0.9},
  url = {https://github.com/daattali/ggExtra},
}

@Manual{R-ggplot2,
  title = {ggplot2: Create Elegant Data Visualisations Using the Grammar of Graphics},
  author = {Hadley Wickham and Winston Chang and Lionel Henry and Thomas Lin Pedersen and Kohske Takahashi and Claus Wilke and Kara Woo and Hiroaki Yutani and Dewey Dunnington},
  year = {2021},
  note = {R package version 3.3.5},
  url = {https://CRAN.R-project.org/package=ggplot2},
}

@Manual{R-Hmisc,
  title = {Hmisc: Harrell Miscellaneous},
  author = {Harrell, Jr., Frank E},
  year = {2021},
  note = {R package version 4.5-0},
  url = {https://CRAN.R-project.org/package=Hmisc},
}

@Manual{R-knitr,
  title = {knitr: A General-Purpose Package for Dynamic Report Generation in R},
  author = {Yihui Xie},
  year = {2021},
  note = {R package version 1.34},
  url = {https://yihui.org/knitr/},
}

@Manual{R-MuMIn,
  title = {MuMIn: Multi-Model Inference},
  author = {Kamil Barton},
  year = {2020},
  note = {R package version 1.43.17},
  url = {https://CRAN.R-project.org/package=MuMIn},
}

@Manual{R-onewaytests,
  title = {onewaytests: One-Way Tests in Independent Groups Designs},
  author = {Osman Dag and Anil Dolgun and N. Meric Konar and Sam Weerahandi and Malwane Ananda},
  year = {2021},
  note = {R package version 2.6},
  url = {https://CRAN.R-project.org/package=onewaytests},
}

@Manual{R-pgirmess,
  title = {pgirmess: Spatial Analysis and Data Mining for Field Ecologists},
  author = {Patrick Giraudoux},
  year = {2021},
  note = {R package version 1.7.0},
  url = {https://giraudoux.pagesperso-orange.fr},
}

@Manual{R-rmarkdown,
  title = {rmarkdown: Dynamic Documents for R},
  author = {JJ Allaire and Yihui Xie and Jonathan McPherson and Javier Luraschi and Kevin Ushey and Aron Atkins and Hadley Wickham and Joe Cheng and Winston Chang and Richard Iannone},
  year = {2021},
  note = {R package version 2.11},
  url = {https://CRAN.R-project.org/package=rmarkdown},
}

@Manual{R-simpleboot,
  title = {simpleboot: Simple Bootstrap Routines},
  author = {Roger D. Peng},
  year = {2019},
  note = {R package version 1.1-7},
  url = {https://github.com/rdpeng/simpleboot},
}

@Manual{R-tidyr,
  title = {tidyr: Tidy Messy Data},
  author = {Hadley Wickham},
  year = {2021},
  note = {R package version 1.1.3},
  url = {https://CRAN.R-project.org/package=tidyr},
}

@Book{bookdown2016,
  title = {bookdown: Authoring Books and Technical Documents with {R} Markdown},
  author = {Yihui Xie},
  publisher = {Chapman and Hall/CRC},
  address = {Boca Raton, Florida},
  year = {2016},
  note = {ISBN 978-1138700109},
  url = {https://bookdown.org/yihui/bookdown},
}

@Book{boot1997,
  title = {Bootstrap Methods and Their Applications},
  author = {A. C. Davison and D. V. Hinkley},
  publisher = {Cambridge University Press},
  address = {Cambridge},
  year = {1997},
  note = {ISBN 0-521-57391-2},
  url = {http://statwww.epfl.ch/davison/BMA/},
}

@Book{car2019,
  title = {An {R} Companion to Applied Regression},
  edition = {Third},
  author = {John Fox and Sanford Weisberg},
  year = {2019},
  publisher = {Sage},
  address = {Thousand Oaks {CA}},
  url = {https://socialsciences.mcmaster.ca/jfox/Books/Companion/},
}

@Book{effects2019,
  title = {An R Companion to Applied Regression},
  edition = {3rd},
  author = {John Fox and Sanford Weisberg},
  year = {2019},
  publisher = {Sage},
  address = {Thousand Oaks CA},
  url = {https://socialsciences.mcmaster.ca/jfox/Books/Companion/index.html},
}

@Article{effects2018,
  title = {Visualizing Fit and Lack of Fit in Complex Regression Models with Predictor Effect Plots and Partial Residuals},
  author = {John Fox and Sanford Weisberg},
  journal = {Journal of Statistical Software},
  year = {2018},
  volume = {87},
  number = {9},
  pages = {1--27},
  doi = {10.18637/jss.v087.i09},
  url = {https://www.jstatsoft.org/article/view/v087i09},
}

@Article{effects2003,
  title = {Effect Displays in {R} for Generalised Linear Models},
  author = {John Fox},
  journal = {Journal of Statistical Software},
  year = {2003},
  volume = {8},
  number = {15},
  pages = {1--27},
  url = {https://www.jstatsoft.org/article/view/v008i15},
}

@Article{effects2009,
  title = {Effect Displays in {R} for Multinomial and Proportional-Odds Logit Models: Extensions to the {effects} Package},
  author = {John Fox and Jangman Hong},
  journal = {Journal of Statistical Software},
  year = {2009},
  volume = {32},
  number = {1},
  pages = {1--24},
  url = {https://www.jstatsoft.org/article/view/v032i01},
}

@Book{ggplot22016,
  author = {Hadley Wickham},
  title = {ggplot2: Elegant Graphics for Data Analysis},
  publisher = {Springer-Verlag New York},
  year = {2016},
  isbn = {978-3-319-24277-4},
  url = {https://ggplot2.tidyverse.org},
}

@Book{knitr2015,
  title = {Dynamic Documents with {R} and knitr},
  author = {Yihui Xie},
  publisher = {Chapman and Hall/CRC},
  address = {Boca Raton, Florida},
  year = {2015},
  edition = {2nd},
  note = {ISBN 978-1498716963},
  url = {https://yihui.org/knitr/},
}

@InCollection{knitr2014,
  booktitle = {Implementing Reproducible Computational Research},
  editor = {Victoria Stodden and Friedrich Leisch and Roger D. Peng},
  title = {knitr: A Comprehensive Tool for Reproducible Research in {R}},
  author = {Yihui Xie},
  publisher = {Chapman and Hall/CRC},
  year = {2014},
  note = {ISBN 978-1466561595},
  url = {http://www.crcpress.com/product/isbn/9781466561595},
}

@Article{onewaytests2018,
  title = {{onewaytests: An R Package for One-Way Tests in Independent Groups Designs}},
  author = {O. Dag and A. Dolgun and N.M. Konar},
  journal = {{The R Journal}},
  year = {2018},
  volume = {10},
  number = {1},
  pages = {175--199},
  url = {https://journal.r-project.org/archive/2018/RJ-2018-022/index.html},
}

@Book{rmarkdown2018,
  title = {R Markdown: The Definitive Guide},
  author = {Yihui Xie and J.J. Allaire and Garrett Grolemund},
  publisher = {Chapman and Hall/CRC},
  address = {Boca Raton, Florida},
  year = {2018},
  note = {ISBN 9781138359338},
  url = {https://bookdown.org/yihui/rmarkdown},
}

@Book{rmarkdown2020,
  title = {R Markdown Cookbook},
  author = {Yihui Xie and Christophe Dervieux and Emily Riederer},
  publisher = {Chapman and Hall/CRC},
  address = {Boca Raton, Florida},
  year = {2020},
  note = {ISBN 9780367563837},
  url = {https://bookdown.org/yihui/rmarkdown-cookbook},
}

